<record><leader>00000cas a22000007a 4500</leader><controlfield tag="001">10421569</controlfield><controlfield tag="008">840216d18931894ohuwr ne      0    0eng d</controlfield><datafield ind1=" " ind2=" " tag="010"><subfield code="a">sn 84028112 </subfield></datafield><datafield ind1=" " ind2=" " tag="040"><subfield code="a">NPY</subfield><subfield code="b">eng</subfield><subfield code="c">NPY</subfield><subfield code="d">ONP</subfield><subfield code="d">OCLCQ</subfield></datafield><datafield ind1=" " ind2=" " tag="042"><subfield code="a">msc</subfield></datafield><datafield ind1="0" ind2=" " tag="130"><subfield code="a">County news (Brooklyn Village, Ohio)</subfield></datafield><datafield ind1="1" ind2="4" tag="245"><subfield code="a">The County news.</subfield></datafield><datafield ind1="1" ind2="3" tag="246"><subfield code="a">Brooklyn news</subfield></datafield><datafield ind1="1" ind2="3" tag="246"><subfield code="a">Berea news</subfield></datafield><datafield ind1="1" ind2="3" tag="246"><subfield code="a">Cleveland news</subfield></datafield><datafield ind1=" " ind2=" " tag="260"><subfield code="a">Brooklyn Village, Ohio :</subfield><subfield code="b">Schmehl-Stearns Print. Co.,</subfield><subfield code="c">1893-1894.</subfield></datafield><datafield ind1=" " ind2=" " tag="300"><subfield code="a">2 v. :</subfield><subfield code="b">ill. ;</subfield><subfield code="c">56 cm.</subfield></datafield><datafield ind1=" " ind2=" " tag="310"><subfield code="a">Weekly</subfield></datafield><datafield ind1="0" ind2=" " tag="362"><subfield code="a">Vol. 7, no. 22 (Apr. 8, 1893)-v. 8, no. 26 (June 30, 1894).</subfield></datafield><datafield ind1=" " ind2=" " tag="500"><subfield code="a">Published on Saturday.</subfield></datafield><datafield ind1=" " ind2=" " tag="500"><subfield code="a">Each page carries its own masthead: Brooklyn news, Berea news, and Cleveland news.</subfield></datafield><datafield ind1=" " ind2=" " tag="500"><subfield code="a">Editor: D.C. Stearns.</subfield></datafield><datafield ind1="1" ind2=" " tag="700"><subfield code="a">Stearns, Daniel C.</subfield></datafield><datafield ind1=" " ind2=" " tag="752"><subfield code="a">United States</subfield><subfield code="b">Ohio</subfield><subfield code="c">Cuyahoga</subfield><subfield code="d">Brooklyn Village.</subfield></datafield><datafield ind1=" " ind2=" " tag="752"><subfield code="a">United States</subfield><subfield code="b">Ohio</subfield><subfield code="c">Cuyahoga</subfield><subfield code="d">Berea.</subfield></datafield><datafield ind1=" " ind2=" " tag="752"><subfield code="a">United States</subfield><subfield code="b">Ohio</subfield><subfield code="c">Cuyahoga</subfield><subfield code="d">Cleveland.</subfield></datafield><datafield ind1="0" ind2="4" tag="780"><subfield code="t">Berea grit</subfield><subfield code="w">(DLC)sn 84028111</subfield></datafield><datafield ind1="0" ind2="4" tag="780"><subfield code="t">Mail and news</subfield><subfield code="w">(DLC)sn 88078707</subfield></datafield><datafield ind1="0" ind2="0" tag="785"><subfield code="t">Cuyahoga County news</subfield><subfield code="w">(DLC)sn 83035071</subfield></datafield><datafield ind1="1" ind2=" " tag="029"><subfield code="a">AU@</subfield><subfield code="b">000025791696</subfield></datafield></record>